<?xml version="1.0" encoding="UTF-8"?><collection xmlns="http://www.loc.gov/MARC21/slim"><record><leader>00378nam--2200145-i-4500</leader><controlfield tag="001">000019796</controlfield><controlfield tag="002">20161230</controlfield><controlfield tag="005">20161230201033</controlfield><controlfield tag="008">060222s1000------------r-----000-0-eng-d</controlfield><datafield ind1=" " ind2=" " tag="080"><subfield code="a">547</subfield></datafield><datafield ind1=" " ind2=" " tag="100"><subfield code="a">Epiotis,N.D</subfield></datafield><datafield ind1=" " ind2=" " tag="245"><subfield code="a">Structural theory of organic chemistry</subfield></datafield><datafield ind1=" " ind2=" " tag="260"><subfield code="a">Berlin, Springer-verlag, 1977. Viii + 250 P</subfield></datafield><datafield ind1=" " ind2=" " tag="490"><subfield code="a">Topics In Current Chemistry</subfield></datafield><datafield ind1=" " ind2=" " tag="852"><subfield code="a">45380</subfield></datafield></record></collection>